@article{azarmi2016scalable,
  title     = {Scalable big data architecture},
  author    = {Azarmi, Bahaaldine},
  journal   = {A Practitioner’s Guide to Choosing Relevant Big Data Architecture. Apress, Berkeley},
  year      = {2016},
  publisher = {Springer}
}

@incollection{melgarejo2015big,
  title     = {Big data architecture for predicting churn risk in mobile phone companies},
  author    = {Melgarejo Galvan, Alonso Raul and Clavo Navarro, Katerine Rocio},
  booktitle = {Information Management and Big Data},
  pages     = {120--132},
  year      = {2015},
  publisher = {Springer}
}

@incollection{mehta2019big,
  title     = {A big data architecture for log data storage and analysis},
  author    = {Mehta, Swapneel and Kothuri, Prasanth and Garcia, Daniel Lanza},
  booktitle = {Integrated Intelligent Computing, Communication and Security},
  pages     = {201--209},
  year      = {2019},
  publisher = {Springer}
}

@incollection{pant2018data,
  title     = {A Data Flow Pipeline and Logical View for Enterprise Big Data Architecture},
  author    = {Pant, Pooja and Kumar, Praveen and Rawat, Seema},
  booktitle = {Smart Computing and Informatics},
  pages     = {387--394},
  year      = {2018},
  publisher = {Springer}
}

@inproceedings{li2018big,
  title        = {Big data architecture and reference models},
  author       = {Li, Qing and Xu, Zhiyong and Chan, Iotong and Yang, Shaobo and Pu, Yudi and Wei, Hailong and Yu, Chao},
  booktitle    = {OTM Confederated International Conferences" On the Move to Meaningful Internet Systems"},
  pages        = {15--24},
  year         = {2018},
  organization = {Springer}
}

@inproceedings{iniguez2021scalable,
  title        = {A Scalable and Flexible Open Source Big Data Architecture for Small and Medium-Sized Enterprises},
  author       = {{\'I}{\~n}iguez, Luis and Galar, Mikel},
  booktitle    = {International Workshop on Soft Computing Models in Industrial and Environmental Applications},
  pages        = {273--282},
  year         = {2021},
  organization = {Springer}
}

@inproceedings{dimokas2020cloud,
  title        = {A Cloud-Based Big Data Architecture for an Intelligent Green Truck},
  author       = {Dimokas, Nikos and Margaritis, Dimitris and Gaetani, Manuel and Favenza, Alfredo},
  booktitle    = {Conference on Sustainable Urban Mobility},
  pages        = {1076--1085},
  year         = {2020},
  organization = {Springer}
}

@inproceedings{li2019general,
  title        = {General Big Data Architecture and Methodology: An Analysis Focused Framework},
  author       = {Li, Qing and Xu, Zhiyong and Wei, Hailong and Yu, Chao and Wang, ShuangShuang},
  booktitle    = {OTM Confederated International Conferences" On the Move to Meaningful Internet Systems"},
  pages        = {33--43},
  year         = {2019},
  organization = {Springer}
}

@incollection{moumen2022big,
  title     = {Big Data Architecture for Moroccan Water Stakeholders: Proposal and Perception},
  author    = {Moumen, Aniss and Aghoutane, Badraddine and Lakhrissi, Younes and Essahlaoui, Ali},
  booktitle = {WITS 2020},
  pages     = {241--246},
  year      = {2022},
  publisher = {Springer}
}

@inproceedings{jian2019research,
  title        = {Research on the data mining technology in college students’ attendance system based on the big data architecture},
  author       = {Jian, Zhong},
  booktitle    = {The International Conference on Cyber Security Intelligence and Analytics},
  pages        = {162--167},
  year         = {2019},
  organization = {Springer}
}

@inproceedings{kumaresan2017case,
  title        = {A case study on API-centric big data architecture},
  author       = {Kumaresan, Aravind and Liberona, Dario and Gnanamurthy, RK},
  booktitle    = {International Conference on Knowledge Management in Organizations},
  pages        = {459--469},
  year         = {2017},
  organization = {Springer}
}

@inproceedings{dutta2015big,
  title        = {Big data architecture for environmental analytics},
  author       = {Dutta, Ritaban and Li, Cecil and Smith, Daniel and Das, Aruneema and Aryal, Jagannath},
  booktitle    = {International Symposium on Environmental Software Systems},
  pages        = {578--588},
  year         = {2015},
  organization = {Springer}
}

@article{yang2017implementation,
  title     = {The implementation of a cloud city traffic state assessment system using a novel big data architecture},
  author    = {Yang, Chao-Tung and Chen, Shuo-Tsung and Yan, Yin-Zhen},
  journal   = {Cluster Computing},
  volume    = {20},
  number    = {2},
  pages     = {1101--1121},
  year      = {2017},
  publisher = {Springer}
}

@article{frye2015big,
  title     = {Big data storage techniques for spatial databases: implications of big data architecture on spatial query processing},
  author    = {Frye, Roger and McKenney, Mark},
  journal   = {Information Granularity, Big Data, and Computational Intelligence},
  pages     = {297--323},
  year      = {2015},
  publisher = {Springer}
}

@article{baruffa2018big,
  title     = {A Big Data architecture for spectrum monitoring in cognitive radio applications},
  author    = {Baruffa, Giuseppe and Femminella, Mauro and Pergolesi, Matteo and Reali, Gianluca},
  journal   = {Annals of Telecommunications},
  volume    = {73},
  number    = {7},
  pages     = {451--461},
  year      = {2018},
  publisher = {Springer}
}

@incollection{vouros2020delta,
  title     = {The $\delta$ big data architecture for mobility analytics},
  author    = {Vouros, George A and Glenis, Apostolis and Doulkeridis, Christos},
  booktitle = {Big Data Analytics for Time-Critical Mobility Forecasting},
  pages     = {315--339},
  year      = {2020},
  publisher = {Springer}
}

@inproceedings{maamouri2021phi,
  title        = {Phi: A Generic Microservices-Based Big Data Architecture},
  author       = {Maamouri, Amine and Sfaxi, Lilia and Robbana, Riadh},
  booktitle    = {European, Mediterranean, and Middle Eastern Conference on Information Systems},
  pages        = {3--16},
  year         = {2021},
  organization = {Springer}
}

@article{chen2021big,
  title     = {Big Data Architecture for Scalable and Trustful DNS based on Sharded DAG Blockchain},
  author    = {Chen, Wenyu and Yang, Xue and Zhang, Haikuo and Xu, Yanzhi and Pang, Zihan},
  journal   = {Journal of Signal Processing Systems},
  volume    = {93},
  number    = {7},
  pages     = {753--768},
  year      = {2021},
  publisher = {Springer}
}

@inproceedings{petalas2016big,
  title        = {A big data architecture for traffic forecasting using multi-source information},
  author       = {Petalas, Yannis G and Ammari, Ahmad and Georgakis, Panos and Nwagboso, Chris},
  booktitle    = {International Workshop of Algorithmic Aspects of Cloud Computing},
  pages        = {65--83},
  year         = {2016},
  organization = {Springer}
}

@incollection{ramesh2015big,
  title     = {Big data architecture},
  author    = {Ramesh, Bhashyam},
  booktitle = {Big data},
  pages     = {29--59},
  year      = {2015},
  publisher = {Springer}
}

@article{lehmann2020big,
  title     = {Big Data architecture for intelligent maintenance: a focus on query processing and machine learning algorithms},
  author    = {Lehmann, Claude and Goren Huber, Lilach and Horisberger, Thomas and Scheiba, Georg and Sima, Ana Claudia and Stockinger, Kurt},
  journal   = {Journal of Big Data},
  volume    = {7},
  number    = {1},
  pages     = {1--26},
  year      = {2020},
  publisher = {Springer}
}
@incollection{wulf2018big,
  title     = {A Big Data Reference Architecture for Teaching Social Media Mining},
  author    = {Wulf, Jochen},
  booktitle = {Frontiers of Cyberlearning},
  pages     = {91--101},
  year      = {2018},
  publisher = {Springer}
}