@article{maier2013towards,
  title={Towards a big data reference architecture},
  author={Maier, Markus and Serebrenik, A and Vanderfeesten, ITP},
  journal={University of Eindhoven},
  year={2013}
}

@article{paakkonen2015reference,
  title={Reference architecture and classification of technologies, products and services for big data systems},
  author={P{\"a}{\"a}kk{\"o}nen, Pekka and Pakkala, Daniel},
  journal={Big data research},
  volume={2},
  number={4},
  pages={166--186},
  year={2015},
  publisher={Elsevier}
}

@inproceedings{geerdink2013reference,
  title={A reference architecture for big data solutions introducing a model to perform predictive analytics using big data technology},
  author={Geerdink, Bas},
  booktitle={8th international conference for internet technology and secured transactions (ICITST-2013)},
  pages={71--76},
  year={2013},
  organization={IEEE}
}

@inproceedings{moreno2018towards,
  title={Towards a Security Reference Architecture for Big Data.},
  author={Moreno, Julio and Serrano, Manuel A and Fernandez-Medina, Eduardo and Fernandez, Eduardo B},
  booktitle={DOLAP},
  year={2018}
}

@inproceedings{klein2016reference,
  title={A reference architecture for big data systems in the national security domain},
  author={Klein, John and Buglak, Ross and Blockow, David and Wuttke, Troy and Cooper, Brenton},
  booktitle={2016 IEEE/ACM 2nd International Workshop on Big Data Software Engineering (BIGDSE)},
  pages={51--57},
  year={2016},
  organization={IEEE}
}

@article{nadal2017software,
  title={A software reference architecture for semantic-aware Big Data systems},
  author={Nadal, Sergi and Herrero, Victor and Romero, Oscar and Abell{\'o}, Alberto and Franch, Xavier and Vansummeren, Stijn and Valerio, Danilo},
  journal={Information and software technology},
  volume={90},
  pages={75--92},
  year={2017},
  publisher={Elsevier}
}

@inproceedings{sang2017simplifying,
  title={Simplifying big data analytics systems with a reference architecture},
  author={Sang, Go Muan and Xu, Lai and Vrieze, Paul de},
  booktitle={Working Conference on Virtual Enterprises},
  pages={242--249},
  year={2017},
  organization={Springer}
}

@inproceedings{sang2016reference,
  title={A reference architecture for big data systems},
  author={Sang, Go Muan and Xu, Lai and De Vrieze, Paul},
  booktitle={2016 10th International Conference on Software, Knowledge, Information Management \& Applications (SKIMA)},
  pages={370--375},
  year={2016},
  organization={IEEE}
}

@article{kashlev2017big,
  title={Big data workflows: A reference architecture and the DATAVIEW system},
  author={Kashlev, Andrey and Lu, Shiyong and Mohan, Aravind},
  journal={Services Transactions on Big Data (STBD)},
  volume={4},
  number={1},
  pages={1--19},
  year={2017}
}

@article{paakkonen2020extending,
  title={Extending reference architecture of big data systems towards machine learning in edge computing environments},
  author={P{\"a}{\"a}kk{\"o}nen, Pekka and Pakkala, Daniel},
  journal={Journal of Big Data},
  volume={7},
  number={1},
  pages={1--29},
  year={2020},
  publisher={Springer}
}

@article{iglesias2020big,
  title={A big data reference architecture for emergency management},
  author={Iglesias, Carlos A and Favenza, Alfredo and Carrera, {\'A}lvaro},
  journal={Information},
  volume={11},
  number={12},
  pages={569},
  year={2020},
  publisher={Multidisciplinary Digital Publishing Institute}
}

@article{geerdink2015reference,
  title={A reference architecture for big data solutions-introducing a model to perform predictive analytics using big data technology},
  author={Geerdink, Bas},
  journal={International Journal of Big Data Intelligence},
  volume={2},
  number={4},
  pages={236--249},
  year={2015},
  publisher={Inderscience Publishers (IEL)}
}

@inproceedings{volk2019decision,
  title={Decision-support for selecting big data reference architectures},
  author={Volk, Matthias and Bosse, Sascha and Bischoff, Dennis and Turowski, Klaus},
  booktitle={International Conference on Business Information Systems},
  pages={3--17},
  year={2019},
  organization={Springer}
}

@article{framework2015draft,
  title={Draft nist big data interoperability framework: Volume 6, reference architecture},
  author={Framework, DRAFT NIST Big Data Interoperability},
  journal={NIST Special Publication},
  volume={1500},
  pages={6},
  year={2015}
}

@article{ataei2020big,
  title={Big Data Reference Architectures, a systematic literature review},
  author={Ataei, Pouya and Litchfield, Alan T},
  year={2020}
}

@article{palanivel2018big,
  title={Big Data Reference Architecture for e-Learning Analytical Systems},
  author={Palanivel, K and Chithralekha, T},
  journal={Int. J. Recent Innov. Trends Comput. Commun},
  volume={6},
  number={1},
  year={2018}
}