@inproceedings{7552235,
  author    = {Cuzzocrea, Alfredo},
  booktitle = {2016 IEEE 40th Annual Computer Software and Applications Conference (COMPSAC)},
  title     = {A Reference Architecture for Supporting Secure Big Data Analytics over Cloud-Enabled Relational Databases},
  year      = {2016},
  volume    = {2},
  number    = {},
  pages     = {356-358},
  doi       = {10.1109/COMPSAC.2016.224}
}
@inproceedings{9137451,
  author    = {Xiaofeng, Luo and Jing, Luo},
  booktitle = {2020 3rd International Conference on Artificial Intelligence and Big Data (ICAIBD)},
  title     = {Research on Big Data Reference Architecture Model},
  year      = {2020},
  volume    = {},
  number    = {},
  pages     = {205-209},
  doi       = {10.1109/ICAIBD49809.2020.9137451}
}
@article{9169636,
  author  = {Alam, Aftab and Ullah, Irfan and Lee, Young-Koo},
  journal = {IEEE Access},
  title   = {Video Big Data Analytics in the Cloud: A Reference Architecture, Survey, Opportunities, and Open Research Issues},
  year    = {2020},
  volume  = {8},
  number  = {},
  pages   = {152377-152422},
  doi     = {10.1109/ACCESS.2020.3017135}
}
@inproceedings{7916249,
  author    = {Sang, Go Muan and Xu, Lai and de Vrieze, Paul},
  booktitle = {2016 10th International Conference on Software, Knowledge, Information Management & Applications (SKIMA)},
  title     = {A reference architecture for big data systems},
  year      = {2016},
  volume    = {},
  number    = {},
  pages     = {370-375},
  doi       = {10.1109/SKIMA.2016.7916249}
}
@inproceedings{8972821,
  author    = {Ünal, Perin},
  booktitle = {2019 7th International Conference on Future Internet of Things and Cloud (FiCloud)},
  title     = {Reference Architectures and Standards for the Internet of Things and Big Data in Smart Manufacturing},
  year      = {2019},
  volume    = {},
  number    = {},
  pages     = {243-250},
  doi       = {10.1109/FiCloud.2019.00041}
}
@inproceedings{7943150,
  author    = {Sankaranarayanan, Hari Bhaskar and Lalchandani, Jayprakash},
  booktitle = {2017 7th International Conference on Cloud Computing, Data Science & Engineering - Confluence},
  title     = {Passenger reviews reference architecture using big data lakes},
  year      = {2017},
  volume    = {},
  number    = {},
  pages     = {204-209},
  doi       = {10.1109/CONFLUENCE.2017.7943150}
}
@inproceedings{8818202,
  author    = {Missier, Paolo and Cala, Jacek},
  booktitle = {2019 IEEE International Congress on Big Data (BigDataCongress)},
  title     = {Efficient Re-Computation of Big Data Analytics Processes in the Presence of Changes: Computational Framework, Reference Architecture, and Applications},
  year      = {2019},
  volume    = {},
  number    = {},
  pages     = {24-34},
  doi       = {10.1109/BigDataCongress.2019.00017}
}
@inproceedings{7811387,
  author    = {Klein, John and Buglak, Ross and Blockow, David and Wuttke, Troy and Cooper, Brenton},
  booktitle = {2016 IEEE/ACM 2nd International Workshop on Big Data Software Engineering (BIGDSE)},
  title     = {A Reference Architecture for Big Data Systems in the National Security Domain},
  year      = {2016},
  volume    = {},
  number    = {},
  pages     = {51-57},
  doi       = {10.1145/2896825.2896834}
}
@inproceedings{9284541,
  author    = {Martins, Wictor Souza and Tardiole Kuehne, Bruno and Sobrinho, Rafael Ferreira and Preti, Fábio},
  booktitle = {2020 IEEE International Conference on Services Computing (SCC)},
  title     = {A Reference Method for Performance Evaluation in Big Data Architectures},
  year      = {2020},
  volume    = {},
  number    = {},
  pages     = {1-8},
  doi       = {10.1109/SCC49832.2020.00044}
}
@inproceedings{8478864,
  author    = {Walker, Jessie and Rock, Little and Vieira, Leonardo},
  booktitle = {SoutheastCon 2018},
  title     = {Data intensive scalable infrastructure for data-driven research: Big data and warehouse architecture},
  year      = {2018},
  volume    = {},
  number    = {},
  pages     = {1-1},
  doi       = {10.1109/SECON.2018.8478864}
}
@inproceedings{9567229,
  author    = {Zhang, Jialiang and Li, JingJane},
  booktitle = {2021 IEEE Hot Chips 33 Symposium (HCS)},
  title     = {ENIAD: A Reconfigurable Near-data Processing Architecture for Web-Scale AI-enriched Big Data Service},
  year      = {2021},
  volume    = {},
  number    = {},
  pages     = {1-8},
  doi       = {10.1109/HCS52781.2021.9567229}
}
@inproceedings{7730983,
  author    = {Kuo, Kwo-Sen and Oloso, Amidu and Doan, Khoa and Clune, Thomas L and Yu, Hongfeng},
  booktitle = {2016 IEEE International Geoscience and Remote Sensing Symposium (IGARSS)},
  title     = {Implications of data placement strategy to Big Data technologies based on shared-nothing architecture for geosciences},
  year      = {2016},
  volume    = {},
  number    = {},
  pages     = {7605-7607},
  doi       = {10.1109/IGARSS.2016.7730983}
}
@inproceedings{9716319,
  author    = {Du, Jikui},
  booktitle = {2022 4th International Conference on Smart Systems and Inventive Technology (ICSSIT)},
  title     = {Analysis of a Joint Data Security Architecture Integrating Artificial Intelligence and Cloud Computing in the Era of Big Data},
  year      = {2022},
  volume    = {},
  number    = {},
  pages     = {988-991},
  doi       = {10.1109/ICSSIT53264.2022.9716319}
}
@inproceedings{8191906,
  author    = {Srinivasulu, Pamidi and Babu, M. Sarath and Venkat, R and Rajesh, K},
  booktitle = {2017 IEEE International Conference on Electrical, Instrumentation and Communication Engineering (ICEICE)},
  title     = {Cloud service oriented architecture (CSoA) for agriculture through internet of things (IoT) and big data},
  year      = {2017},
  volume    = {},
  number    = {},
  pages     = {1-6},
  doi       = {10.1109/ICEICE.2017.8191906}
}
@article{8140846,
  author  = {Napoli, Christian and Pappalardo, Giuseppe and Tramontana, Emiliano and Zappalà, Gaetano},
  journal = {The Computer Journal},
  title   = {A Cloud-Distributed GPU Architecture for Pattern Identification in Segmented Detectors Big-Data Surveys},
  year    = {2016},
  volume  = {59},
  number  = {3},
  pages   = {338-352},
  doi     = {10.1093/comjnl/bxu147}
}
@inproceedings{8095610,
  author    = {Matsebula, Fezile and Mnkandla, Ernest},
  booktitle = {2017 IEEE AFRICON},
  title     = {A big data architecture for learning analytics in higher education},
  year      = {2017},
  volume    = {},
  number    = {},
  pages     = {951-956},
  doi       = {10.1109/AFRCON.2017.8095610}
}
@inproceedings{8332695,
  author    = {Liu, Dan},
  booktitle = {2018 International Conference on Intelligent Transportation, Big Data & Smart City (ICITBS)},
  title     = {Big Data Analytics Architecture for Internet-of-Vehicles Based on the Spark},
  year      = {2018},
  volume    = {},
  number    = {},
  pages     = {13-16},
  doi       = {10.1109/ICITBS.2018.00011}
}
@inproceedings{8090186,
  author    = {Kakiz, Muhammet Talha and Öztürk, Ercüment and Çavdar, Tuğrul},
  booktitle = {2017 International Artificial Intelligence and Data Processing Symposium (IDAP)},
  title     = {A novel SDN-based IoT architecture for big data},
  year      = {2017},
  volume    = {},
  number    = {},
  pages     = {1-5},
  doi       = {10.1109/IDAP.2017.8090186}
}
@inproceedings{8167763,
  author    = {Makrani, Hosein Mohammadi and Homayoun, Houman},
  booktitle = {2017 IEEE International Symposium on Workload Characterization (IISWC)},
  title     = {Memory requirements of hadoop, spark, and MPI based big data applications on commodity server class architectures},
  year      = {2017},
  volume    = {},
  number    = {},
  pages     = {112-113},
  doi       = {10.1109/IISWC.2017.8167763}
}
@article{9076125,
  author  = {Zhan, Yufeng and Li, Peng and Wang, Kun and Guo, Song and Xia, Yuanqing},
  journal = {IEEE Network},
  title   = {Big Data Analytics by CrowdLearning: Architecture and Mechanism Design},
  year    = {2020},
  volume  = {34},
  number  = {3},
  pages   = {143-147},
  doi     = {10.1109/MNET.001.1900286}
}
@inproceedings{8784580,
  author    = {Sanla, Apisit and Numnonda, Thanisa},
  booktitle = {2019 IEEE 9th International Conference on Electronics Information and Emergency Communication (ICEIEC)},
  title     = {A Comparative Performance of Real-time Big Data Analytic Architectures},
  year      = {2019},
  volume    = {},
  number    = {},
  pages     = {1-5},
  doi       = {10.1109/ICEIEC.2019.8784580}
}
@inproceedings{7955779,
  author    = {Jagannathan, S},
  booktitle = {2016 International Conference on Signal Processing, Communication, Power and Embedded System (SCOPES)},
  title     = {Real-time big data analytics architecture for remote sensing application},
  year      = {2016},
  volume    = {},
  number    = {},
  pages     = {1912-1916},
  doi       = {10.1109/SCOPES.2016.7955779}
}
@inproceedings{8817160,
  author    = {Arapakis, Ioannis and Becerra, Yolanda and Boehm, Omer and Bravos, George and Chatzigiannakis, Vassilis and Cugnasco, Cesare and Demetriou, Giorgos and Eleftheriou, Iliada and Etienne Mascolo, Julien and Fodor, Lidija and Ioannidis, Sotiris and Jakovetic, Dusan and Kallipolitis, Leonidas and Kavakli, Evangelia and Kopanaki, Despina and Kourtellis, Nicolas and Maawad Marcos, Mario and Martin de Pozuelo, Ramon and Milosevic, Nemanja and Morandi, Giuditta and Pages Montanera, Enric and Ristow, Gerald and Sakellariou, Rizos and Sirvent, Raul and Skrbic, Srdjan and Spais, Ilias and Vasiliadis, Giorgos and Vinov, Michael},
  booktitle = {2019 IEEE World Congress on Services (SERVICES)},
  title     = {Towards Specification of a Software Architecture for Cross-Sectoral Big Data Applications},
  year      = {2019},
  volume    = {2642-939X},
  number    = {},
  pages     = {394-395},
  doi       = {10.1109/SERVICES.2019.00120}
}
@inproceedings{8552297,
  author    = {Zhao, Huijuan and Ye, Ning and Wang, Ruchuan},
  booktitle = {2018 IEEE 4th International Conference on Big Data Security on Cloud (BigDataSecurity), IEEE International Conference on High Performance and Smart Computing, (HPSC) and IEEE International Conference on Intelligent Data and Security (IDS)},
  title     = {A Survey on Automatic Emotion Recognition Using Audio Big Data and Deep Learning Architectures},
  year      = {2018},
  volume    = {},
  number    = {},
  pages     = {139-142},
  doi       = {10.1109/BDS/HPSC/IDS18.2018.00039}
}
@inproceedings{7545060,
  author    = {Shi, Guowei and Wang, Hongwei},
  booktitle = {2016 IEEE Second International Conference on Multimedia Big Data (BigMM)},
  title     = {Research on Big Data Real-Time Public Opinion Monitoring under the Double Cloud Architecture},
  year      = {2016},
  volume    = {},
  number    = {},
  pages     = {416-419},
  doi       = {10.1109/BigMM.2016.35}
}