@inbook{inbook,
author = {Wulf, Jochen},
year = {2018},
month = {01},
pages = {91-101},
title = {A Big Data Reference Architecture for Teaching Social Media Mining: Emerging Technologies for Teaching and Learning},
isbn = {978-981-13-0649-5},
journal = {Lecture Notes in Educational Technology},
doi = {10.1007/978-981-13-0650-1_5}
}

@inproceedings{inproceedings,
author = {Geerdink, Bas},
year = {2013},
month = {12},
pages = {71-76},
title = {A reference architecture for big data solutions introducing a model to perform predictive analytics using big data technology},
isbn = {978-1-908320-20-9},
doi = {10.1109/ICITST.2013.6750165}
}

@inproceedings{inproceedings,
author = {Klein, John and Buglak, Ross and Blockow, David and Wuttke, Troy and Cooper, Brenton},
year = {2016},
month = {05},
pages = {},
title = {A Reference Architecture for Big Data Systems in the National Security Domain},
doi = {10.1145/2896825.2896834}
}

@inproceedings{inproceedings,
author = {Sang, Go and Xu, Lai and De Vrieze, Paul},
year = {2016},
month = {01},
pages = {370-375},
title = {A reference architecture for big data systems},
doi = {10.1109/SKIMA.2016.7916249}
}

@article{article,
author = {Nadal, Sergi and Herrero, Victor and Romero, Oscar and Abelló, Alberto and Franch, Xavier and Vansummeren, Stijn and Valerio, Danilo},
year = {2017},
month = {06},
pages = {},
title = {A Software Reference Architecture for Semantic-Aware Big Data Systems},
volume = {90},
journal = {Information and Software Technology},
doi = {10.1016/j.infsof.2017.06.001}
}

@article{article,
author = {Sikora-Wohlfeld, Weronika and Basu, Abhi and Butte, Atul and Martinez-Canales, Monica},
year = {2014},
month = {09},
pages = {},
title = {Accelerating Secondary Genome Analysis Using Intel Big Data Reference Architecture.},
journal = {Intel}
}

@article{article,
author = {Moreno, Julio and Gómez, Javier and Serrano, Manuel and Fernández, Eduardo and Fernández-Medina, Eduardo},
year = {2020},
month = {03},
pages = {},
title = {Application of security reference architecture to Big Data ecosystems in an industrial scenario},
volume = {50},
journal = {Software: Practice and Experience},
doi = {10.1002/spe.2829}
}

@inproceedings{inproceedings,
author = {Martínez-Fernández, Silverio and Ayala, Claudia and Franch, Xavier and Marques, Helena},
year = {2013},
month = {07},
pages = {307-310},
title = {Benefits and Drawbacks of Reference Architectures},
volume = {7957},
isbn = {978-3-642-39030-2},
doi = {10.1007/978-3-642-39031-9_26}
}

@inbook{inbook,
author = {Nirmala, M and Chelliah, Pethuru Raj},
year = {2016},
month = {01},
pages = {56-72},
title = {Big Data Computing and the Reference Architecture},
isbn = {9781466698413},
doi = {10.4018/978-1-4666-9840-6.ch003}
}

@inbook{inbook,
author = {Nirmala, M. and Raj, P.},
year = {2014},
month = {01},
pages = {22-37},
title = {Big data computing and the reference architecture},
doi = {10.4018/978-1-4666-5864-6.ch002}
}

@article{article,
author = {Kuppusamy, Palanivel and Chithralekha, T.},
year = {2018},
month = {01},
pages = {},
title = {Big Data Reference Architecture for e-Learning Analytical Systems},
volume = {2}
}

@article{article,
author = {Iglesias, Carlos and Favenza, Alfredo and Carrera, Álvaro},
year = {2020},
month = {12},
pages = {569},
title = {A Big Data Reference Architecture for Emergency Management},
volume = {11},
journal = {Information},
doi = {10.3390/info11120569}
}

@inbook{inbook,
author = {Behara, Dr.Gopala Krishna},
year = {2022},
month = {01},
pages = {197-227},
title = {Big-Data-Based Architectures and Techniques: Big Data Reference Architecture},
isbn = {9781668436639},
doi = {10.4018/978-1-6684-3662-2.ch010}
}

@inbook{inbook,
author = {Volk, Matthias and Bosse, Sascha and Bischoff, Dennis and Turowski, Klaus},
year = {2019},
month = {05},
pages = {3-17},
title = {Decision-Support for Selecting Big Data Reference Architectures},
isbn = {978-3-030-20484-6},
doi = {10.1007/978-3-030-20485-3_1}
}

@inproceedings{inproceedings,
author = {Chang, Wo},
year = {2017},
month = {12},
pages = {3-3},
title = {NIST Big Data Reference Architecture for Analytics and Beyond},
doi = {10.1145/3147213.3155013}
}

@inproceedings{inproceedings,
author = {Xiaofeng, Luo and Jing, Luo},
year = {2020},
month = {05},
pages = {205-209},
title = {Research on Big Data Reference Architecture Model},
doi = {10.1109/ICAIBD49809.2020.9137451}
}

@inbook{inbook,
author = {Castellanos, Camilo and Pérez, Boris and Correal, Dario},
year = {2020},
month = {12},
pages = {161-179},
title = {Smart Transportation: A Reference Architecture for Big Data Analytics},
isbn = {978-3-030-60922-1},
doi = {10.1007/978-3-030-60922-1_8}
}

@inbook{inbook,
author = {Kohler, Jens and Specht, Thomas},
year = {2021},
month = {01},
pages = {123-149},
title = {Towards a Secure, Distributed, and Reliable Cloud-Based Reference Architecture for Big Data in Smart Cities},
isbn = {9781799853404},
doi = {10.4018/978-1-7998-5339-8.ch006}
}

@inproceedings{inproceedings,
author = {Moreno, Julio and Serrano, Manuel and Medina, Eduardo and Fernández, Eduardo},
year = {2018},
month = {04},
pages = {},
title = {Towards a Security Reference Architecture for Big Data}
}